%%%%%%%%%%%%%%%%%%%%%%%%%%%%%%%%%%%%%%%%%%%%%%%%%%%%%%%%%%%%%%%%%%%%%%%%%%%%%%%
%%%%%%%%%%%%%%%%%%%%%%%%%%%%%%%%%%%%%%%%%%%%%%%%%%%%%%%%%%%%%%%%%%%%%%%%%%%%%%%
%%%%%%%%%%%%%%%%%%%%%%%%%%%%%%%%%%%%%%%%%%%%%%%%%%%%%%%%%%%%%%%%%%%%%%%%%%%%%%%

@Manual{Rlanguage,
  title = {R: A Language and Environment for Statistical Computing},
  author = {{R Core Team}},
  organization = {R Foundation for Statistical Computing},
  address = {Vienna, Austria},
  year = {2016},
  url = {https://www.R-project.org/},
}

@Book{Chambers1983,
  author = {Chambers, J. M. and
            Cleveland, W. S. and
            Kleiner, B. and
            Tukey, P. A.},
  title = {Graphical Methods for Data Analysis},
  publisher = {Wadsworth & Brooks/Cole},
  year = {1983}
}

@article{Birnbaum1951,
  author  = {Birnbaum, Z. W. and
             Tingey, Fred H.}, 
  title   = {One-sided confidence contours for probability
             distribution functions},
  journal = {The Annals of Mathematical Statistics},
  year    = 1951,
  number  = 4,
  pages   = {592–596},
  volume  = 22
}

@article{Royston1982,
  author  = {Patrick Royston}, 
  title   = {An extension of Shapiro and Wilk's W test
             for normality to large samples},
  journal = {Applied Statistics},
  year    = 1982,
  pages   = {115–124},
  volume  = 4
}

@book{zvara2013,
  author = {Zvára, Karel},
  title = {Základy statistiky v prostředí R},
  publisher = {Karolinum},
  year = {2013},
  address = {Praha, Česká republika},
  isbn = {978-80-246-2245-3}
}

@article{Henze1990,
  author  = {Henze, N. and Zirkler, B.}, 
  title   = {A Class of Invariant Consistent Tests
             for Multivariate Normality},
  journal = {Commun. Statist.-Theor. Meth.},
  number  = 10,
  year    = 1990,
  volume  = 19
}

@article{Gnanadesikan1972,
  title     = {Robust Estimates, Residuals, and Outlier Detection
               with Multiresponse Data},
  volume    = {28},
  url       = {http://dx.doi.org/10.2307/2528963},
  DOI       = {10.2307/2528963},
  number    = {1},
  journal   = {Biometrics},
  publisher = {JSTOR},
  author    = {Gnanadesikan, R. and Kettenring, J. R.},
  year      = {1972},
  month     = {Mar},
  pages     = {81}
} 

@Book{Hebak2004VicerozmerneStatistickeMetody,
  author = {Hebák Petr},
  title = {Vícerozměrné statistické metody},
  publisher = {Informatorium},
  year = {2004},
  address = {Praha},
  ISBN = {80-7333-036-9}
}


%%%%%%%%%%%%%%%%%%%%%%%%%%%%%%%%%%%%%%%%%%%%%%%%%%%%%%%%%%%%%%%%%%%%%%%%%%%%%%% 
%%%%%%%%%%%%%%%%%%%%%%%%%%%%%%%%%%%%%%%%%%%%%%%%%%%%%%%%%%%%%%%%%%%%%%%%%%%%%%%
%%%%%%%%%%%%%%%%%%%%%%%%%%%%%%%%%%%%%%%%%%%%%%%%%%%%%%%%%%%%%%%%%%%%%%%%%%%%%%% 
 
 
 
 
 
 