%%%%%%%%%%%%%%%%%%%%%%%%%%%%%%%%%%%%%%%%%%%%%%%%%%%%%%%%%%%%%%%%%%%%%%%%%%%%%%%
%%%%%%%%%%%%%%%%%%%%%%%%%%%%%%%%%%%%%%%%%%%%%%%%%%%%%%%%%%%%%%%%%%%%%%%%%%%%%%%
%%%%%%%%%%%%%%%%%%%%%%%%%%%%%%%%%%%%%%%%%%%%%%%%%%%%%%%%%%%%%%%%%%%%%%%%%%%%%%%

@Manual{Rlanguage,
  title = {R: A Language and Environment for Statistical Computing},
  author = {{R Core Team}},
  organization = {R Foundation for Statistical Computing},
  address = {Vienna, Austria},
  year = {2016},
  url = {https://www.R-project.org/},
}

@Book{Chambers1983,
  author = {Chambers, J. M. and
            Cleveland, W. S. and
            Kleiner, B. and
            Tukey, P. A.},
  title = {Graphical Methods for Data Analysis},
  publisher = {Wadsworth & Brooks/Cole},
  year = {1983}
}

@book{Hartigan1975,
  author = "Hartigan, J. A.",
  year = 1975,
  title = "Clustering  Algorithms",
  address = "New York",
  publisher = "Wiley"
}

@article{Ward1963,
  added-at = {2012-04-06T18:59:41.000+0200},
  author = {Ward Jr, J.H.},
  issn = {0162-1459},
  journal = {Journal of the American statistical association},
  keywords = {},
  number = 301,
  pages = {236-244},
  publisher = {JSTOR},
  timestamp = {2012-04-20T16:32:04.000+0200},
  title = {Hierarchical grouping to optimize an objective function},
  username = {s-boutry},
  volume = 58,
  year = 1963
}

@article{Murtagh2014,
  author = {Murtagh, Fionn and Legendre, Pierre},
  title = {Ward's Hierarchical Agglomerative Clustering Method:
           Which Algorithms Implement Ward's Criterion?},
  journal = {J. Classif.},
  issue_date = {October   2014},
  volume = {31},
  number = {3},
  month = oct,
  year = {2014},
  issn = {0176-4268},
  pages = {274--295},
  numpages = {22},
  url = {http://dx.doi.org/10.1007/s00357-014-9161-z},
  doi = {10.1007/s00357-014-9161-z},
  acmid = {2689593},
  publisher = {Springer-Verlag New York, Inc.},
  address = {Secaucus, NJ, USA},
  keywords = {Hierarchical clustering, Lance-Williams, Minimum variance,
              Statistical software, Ward},
} 

@Book{Hebak2004VicerozmerneStatistickeMetody,
  author = {Hebák Petr},
  title = {Vícerozměrné statistické metody},
  publisher = {Informatorium},
  year = {2004},
  address = {Praha},
  ISBN = {80-7333-036-9}
}


%%%%%%%%%%%%%%%%%%%%%%%%%%%%%%%%%%%%%%%%%%%%%%%%%%%%%%%%%%%%%%%%%%%%%%%%%%%%%%% 
%%%%%%%%%%%%%%%%%%%%%%%%%%%%%%%%%%%%%%%%%%%%%%%%%%%%%%%%%%%%%%%%%%%%%%%%%%%%%%%
%%%%%%%%%%%%%%%%%%%%%%%%%%%%%%%%%%%%%%%%%%%%%%%%%%%%%%%%%%%%%%%%%%%%%%%%%%%%%%% 
 
 
 
 
 
 