%%%%%%%%%%%%%%%%%%%%%%%%%%%%%%%%%%%%%%%%%%%%%%%%%%%%%%%%%%%%%%%%%%%%%%%%%%%%%%%
%%%%%%%%%%%%%%%%%%%%%%%%%%%%%%%%%%%%%%%%%%%%%%%%%%%%%%%%%%%%%%%%%%%%%%%%%%%%%%%
%%%%%%%%%%%%%%%%%%%%%%%%%%%%%%%%%%%%%%%%%%%%%%%%%%%%%%%%%%%%%%%%%%%%%%%%%%%%%%%

@Manual{Rlanguage,
  title = {R: A Language and Environment for Statistical Computing},
  author = {{R Core Team}},
  organization = {R Foundation for Statistical Computing},
  address = {Vienna, Austria},
  year = {2016},
  url = {https://www.R-project.org/},
}

@article{Kaiser1974,
  doi = {10.1007/bf02291575},
  url = {https://doi.org/10.1007/bf02291575},
  year  = {1974},
  month = {mar},
  publisher = {Springer Nature},
  volume = {39},
  number = {1},
  pages = {31--36},
  author = {Henry F. Kaiser},
  title = {An index of factorial simplicity},
  journal = {Psychometrika}
}

@article{Bartlett1951,
  ISSN = {00063444},
  URL = {http://www.jstor.org/stable/2332580},
  author = {M. S. Bartlett},
  journal = {Biometrika},
  number = {3/4},
  pages = {337-344},
  publisher = {[Oxford University Press, Biometrika Trust]},
  title = {The Effect of Standardization on a $\chi^2$ Approximation
           in Factor Analysis},
  volume = {38},
  year = {1951}
}

@book{Joreskog1963,
  title = {Statistical Estimation in Factor Analysis:
           A New Technique and Its Foundation},
  author = {J{\"o}reskog, K.G.},
  lccn = {65082486},
  series = {Selected publications / University of Uppsala,
            Department of Statistics},
  url = {https://books.google.cz/books?id=VoC4AAAAIAAJ},
  year={1963},
  publisher={Almqvist \& Wiksell}
}

@article{Keith1982,
  ISSN = {00390526, 14679884},
  URL = {http://www.jstor.org/stable/2987988},
  abstract = {This article evaluates the performance
              of the Guttman-Kaiser criterion in determining the number
			  of significant components or factors
			  in a correlation matrix.},
  author = {Keith A. Yeomans and Paul A. Golder},
  journal = {Journal of the Royal Statistical Society.
             Series D (The Statistician)},
  number = {3},
  pages = {221-229},
  publisher = {[Royal Statistical Society, Wiley]},
  title = {The Guttman-Kaiser Criterion as a Predictor
           of the Number of Common Factors},
  volume = {31},
  year = {1982}
}

@article{Kaiser1958,
  doi = {10.1007/bf02289233},
  url = {https://doi.org/10.1007/bf02289233},
  year  = {1958},
  month = {sep},
  publisher = {Springer Nature},
  volume = {23},
  number = {3},
  pages = {187--200},
  author = {Henry F. Kaiser},
  title = {The varimax criterion for analytic rotation in factor analysis},
  journal = {Psychometrika}
}

@Book{Chambers1983,
  author = {Chambers, J. M. and
            Cleveland, W. S. and
            Kleiner, B. and
            Tukey, P. A.},
  title = {Graphical Methods for Data Analysis},
  publisher = {Wadsworth & Brooks/Cole},
  year = {1983}
}

@article{Birnbaum1951,
  author  = {Birnbaum, Z. W. and
             Tingey, Fred H.}, 
  title   = {One-sided confidence contours for probability
             distribution functions},
  journal = {The Annals of Mathematical Statistics},
  year    = 1951,
  number  = 4,
  pages   = {592–596},
  volume  = 22
}

@article{Royston1982,
  author  = {Patrick Royston}, 
  title   = {An extension of Shapiro and Wilk's W test
             for normality to large samples},
  journal = {Applied Statistics},
  year    = 1982,
  pages   = {115–124},
  volume  = 4
}

@book{zvara2013,
  author = {Zvára, Karel},
  title = {Základy statistiky v prostředí R},
  publisher = {Karolinum},
  year = {2013},
  address = {Praha, Česká republika},
  isbn = {978-80-246-2245-3}
}

@article{Henze1990,
  author  = {Henze, N. and Zirkler, B.}, 
  title   = {A Class of Invariant Consistent Tests
             for Multivariate Normality},
  journal = {Commun. Statist.-Theor. Meth.},
  number  = 10,
  year    = 1990,
  volume  = 19
}

@article{Gnanadesikan1972,
  title     = {Robust Estimates, Residuals, and Outlier Detection
               with Multiresponse Data},
  volume    = {28},
  url       = {http://dx.doi.org/10.2307/2528963},
  DOI       = {10.2307/2528963},
  number    = {1},
  journal   = {Biometrics},
  publisher = {JSTOR},
  author    = {Gnanadesikan, R. and Kettenring, J. R.},
  year      = {1972},
  month     = {Mar},
  pages     = {81}
} 

@Book{Hebak2004VicerozmerneStatistickeMetody,
  author = {Hebák Petr},
  title = {Vícerozměrné statistické metody},
  publisher = {Informatorium},
  year = {2004},
  address = {Praha},
  ISBN = {80-7333-036-9}
}


%%%%%%%%%%%%%%%%%%%%%%%%%%%%%%%%%%%%%%%%%%%%%%%%%%%%%%%%%%%%%%%%%%%%%%%%%%%%%%% 
%%%%%%%%%%%%%%%%%%%%%%%%%%%%%%%%%%%%%%%%%%%%%%%%%%%%%%%%%%%%%%%%%%%%%%%%%%%%%%%
%%%%%%%%%%%%%%%%%%%%%%%%%%%%%%%%%%%%%%%%%%%%%%%%%%%%%%%%%%%%%%%%%%%%%%%%%%%%%%% 
 
 
 
 
 
 